@misc{leemis, title={Univariate Distribution Relationships}, journal={Univariate Distribution Relationship Chart}, author={Leemis, Larry}, note = {\url{http://www.math.wm.edu/~leemis/chart/UDR/UDR.html}}}

@misc{dippl,
  title = {The Design and Implementation of Probabilistic Programming Languages},
  author = {Goodman, Noah D and Stuhlm\"{u}ller, Andreas},
  note = {\url{http://dippl.org}},
  year = {2014},
}

@inproceedings{narayanan2016probabilistic,
    title = {Probabilistic inference by program transformation in Hakaru (system description)},
    author = {Narayanan, Praveen and Carette, Jacques and Romano, Wren and Shan, Chung{-}chieh and Zinkov, Robert},
    booktitle = {International Symposium on Functional and Logic Programming - 13th International Symposium, {FLOPS} 2016, Kochi, Japan, March 4-6, 2016, Proceedings},
    pages = {62--79},
    year = {2016},
    organization = {Springer},
    note = {\url{http://dx.doi.org/10.1007/978-3-319-29604-3_5}},
    doi = {10.1007/978-3-319-29604-3_5},
}

@misc{chi,
  title = {Chi-squared Distribution},
  year = {2018}, 
  note = {\url{https://en.wikipedia.org/wiki/Chi-squared_distribution}}
}

@misc{expo,
  title = {Exponential Distribution},
  year = {2018}, 
  note = {\url{https://en.wikipedia.org/wiki/Exponential_distribution}}
}

@misc{erlang,
  title = {Erlang Distribution},
  year = {2018}, 
  note = {\url{https://en.wikipedia.org/wiki/Erlang_distribution}}
}

@misc{cauchy,
  title = {Cauchy Distribution},
  year = {2018}, 
  note = {\url{https://en.wikipedia.org/wiki/Cauchy_distribution}}
}

@misc{rayleigh,
  title = {Rayleigh Distribution},
  year = {2018}, 
  note = {\url{https://en.wikipedia.org/wiki/Rayleigh_distribution}}
}